<record><leader>00000cas a22000007a 4500</leader><controlfield tag="001">11856954</controlfield><controlfield tag="008">850328c19uu9999gauwn ne      0   a0eng d</controlfield><datafield ind1=" " ind2=" " tag="010"><subfield code="a">sn 85009790 </subfield></datafield><datafield ind1=" " ind2=" " tag="040"><subfield code="a">NSD</subfield><subfield code="b">eng</subfield><subfield code="c">NSD</subfield><subfield code="d">OCLCQ</subfield></datafield><datafield ind1=" " ind2=" " tag="012"><subfield code="j">0</subfield><subfield code="l">a</subfield><subfield code="m">X</subfield></datafield><datafield ind1="1" ind2=" " tag="022"><subfield code="a">8750-8273</subfield><subfield code="l">8750-8273</subfield><subfield code="2">1</subfield></datafield><datafield ind1=" " ind2=" " tag="032"><subfield code="a">482400</subfield><subfield code="b">USPS</subfield></datafield><datafield ind1=" " ind2=" " tag="037"><subfield code="b">Savannah Morning News, Savannah Evening Press, 5 Whitaker St., Savannah, Ga. 31401</subfield></datafield><datafield ind1=" " ind2=" " tag="042"><subfield code="a">nsdp</subfield></datafield><datafield ind1="0" ind2=" " tag="130"><subfield code="a">Savannah morning news, Savannah evening press (Coastal empire edition)</subfield></datafield><datafield ind1=" " ind2="0" tag="222"><subfield code="a">Savannah morning news, Savannah evening press</subfield><subfield code="b">(Coastal empire ed.)</subfield></datafield><datafield ind1="1" ind2="0" tag="245"><subfield code="a">Savannah morning news, Savannah evening press.</subfield></datafield><datafield ind1="3" ind2="0" tag="246"><subfield code="a">Savannah evening press</subfield></datafield><datafield ind1="3" ind2="0" tag="246"><subfield code="a">Savannah morning news</subfield></datafield><datafield ind1="3" ind2="0" tag="246"><subfield code="a">Savannah news press</subfield></datafield><datafield ind1=" " ind2=" " tag="250"><subfield code="a">Coastal empire ed.</subfield></datafield><datafield ind1=" " ind2=" " tag="260"><subfield code="a">Savannah, Ga. :</subfield><subfield code="b">The News/Press</subfield></datafield><datafield ind1=" " ind2=" " tag="310"><subfield code="a">Sundays, plus 6 extra issues on national holidays</subfield></datafield><datafield ind1=" " ind2=" " tag="580"><subfield code="a">Sunday ed. of: Savannah morning news, and: Savannah evening press.</subfield></datafield><datafield ind1=" " ind2=" " tag="580"><subfield code="a">Issued also in a Home ed. and a Palmetto ed.</subfield></datafield><datafield ind1=" " ind2=" " tag="588"><subfield code="a">Description based on: Vol. 19, issue 269 (Sunday, Feb. 3, 1985).</subfield></datafield><datafield ind1="1" ind2=" " tag="775"><subfield code="t">Savannah morning news, Savannah evening press (Home edition)</subfield><subfield code="x">1046-7181</subfield><subfield code="w">(DLC)sn 89002784</subfield><subfield code="w">(OCoLC)20504735</subfield></datafield><datafield ind1="1" ind2=" " tag="775"><subfield code="t">Savannah morning news, Savannah evening press (Palmetto edition)</subfield></datafield><datafield ind1="1" ind2=" " tag="787"><subfield code="t">Savannah morning news (1900)</subfield><subfield code="x">1047-028X</subfield><subfield code="w">(DLC)sn 82015137</subfield></datafield><datafield ind1="1" ind2=" " tag="787"><subfield code="t">Savannah evening press</subfield><subfield code="x">8750-4685</subfield><subfield code="w">(DLC)sn 82014201</subfield></datafield><datafield ind1=" " ind2=" " tag="936"><subfield code="a">Feb. 3, 1985</subfield></datafield><datafield ind1="1" ind2=" " tag="029"><subfield code="a">AU@</subfield><subfield code="b">000025783820</subfield></datafield></record>